@inproceedings{Fang2014,
  title = {Chance-constrained Probabilistic Simple Temporal Problems},
  author = {Fang, Cheng and Yu, Peng and Williams, Brian C.},
  booktitle = {AAA-14},
  year = {2014},
  keywords = {Chance-constrained, pSTN, Robust scheduling, pSTP}
}
@incollection{cervoni1993maintaining,
  title={Maintaining consistency in quantitative temporal constraint networks for planning and scheduling},
  author={Cervoni, Roberto and Cesta, Amedeo and Oddi, Angelo},
  booktitle={Advances in Artificial Intelligence},
  pages={278--289},
  year={1993},
  publisher={Springer}
}

@article{pritsker1969multiproject,
  title={Multiproject scheduling with limited resources: A zero-one programming approach},
  author={Pritsker, A Alan B and Waiters, Lawrence J and Wolfe, Philip M},
  journal={Management science},
  volume={16},
  number={1},
  pages={93--108},
  year={1969},
  publisher={INFORMS}
}

@article{johnson1954optimal,
  title={Optimal two-and three-stage production schedules with setup times included},
  author={Johnson, Selmer Martin},
  journal={Naval research logistics quarterly},
  volume={1},
  number={1},
  pages={61--68},
  year={1954},
  publisher={Wiley Online Library}
}

@article{bellman1956mathematical,
  title={Mathematical aspects of scheduling theory},
  author={Bellman, Richard},
  journal={Journal of the Society for Industrial and Applied Mathematics},
  volume={4},
  number={3},
  pages={168--205},
  year={1956},
  publisher={SIAM}
}

@article{garey1976complexity,
  title={The complexity of flowshop and jobshop scheduling},
  author={Garey, Michael R and Johnson, David S and Sethi, Ravi},
  journal={Mathematics of operations research},
  volume={1},
  number={2},
  pages={117--129},
  year={1976},
  publisher={INFORMS}
}

@article{wagner1959integer,
  title={An integer linear-programming model for machine scheduling},
  author={Wagner, Harvey M},
  journal={Naval Research Logistics Quarterly},
  volume={6},
  number={2},
  pages={131--140},
  year={1959},
  publisher={Wiley Online Library}
}

@article{heimerl2010scheduling,
  title={Scheduling and staffing multiple projects with a multi-skilled workforce},
  author={Heimerl, Christian and Kolisch, Rainer},
  journal={OR spectrum},
  volume={32},
  number={2},
  pages={343--368},
  year={2010},
  publisher={Springer}
}

@article{wolsey1997mip,
  title={MIP modelling of changeovers in production planning and scheduling problems},
  author={Wolsey, Laurence A},
  journal={European Journal of Operational Research},
  volume={99},
  number={1},
  pages={154--165},
  year={1997},
  publisher={Elsevier}
}

@article{patterson1984comparison,
  title={A comparison of exact approaches for solving the multiple constrained resource, project scheduling problem},
  author={Patterson, James H},
  journal={Management science},
  volume={30},
  number={7},
  pages={854--867},
  year={1984},
  publisher={INFORMS}
}

@article{dechter1991temporal,
  title={Temporal constraint networks},
  author={Dechter, Rina and Meiri, Itay and Pearl, Judea},
  journal={Artificial intelligence},
  volume={49},
  number={1},
  pages={61--95},
  year={1991},
  publisher={Elsevier}
}

@inproceedings{vidal1996dealing,
  title={Dealing with Uncertain Durations In Temporal Constraint Networks dedicated to Planning'},
  author={Vidal, Thierry and Ghallab, Malik},
  booktitle={ECAI},
  pages={48--54},
  year={1996},
  organization={PITMAN}
}

@inproceedings{morris2001dynamic,
  title={Dynamic control of plans with temporal uncertainty},
  author={Morris, Paul and Muscettola, Nicola and Vidal, Thierry and others},
  booktitle={IJCAI},
  volume={1},
  pages={494--502},
  year={2001},
  organization={Citeseer}
}

@inproceedings{morris2005temporal,
  title={Temporal dynamic controllability revisited},
  author={Morris, Paul H and Muscettola, Nicola},
  booktitle={AAAI},
  pages={1193--1198},
  year={2005}
}

@article{bartusch1988scheduling,
  title={Scheduling project networks with resource constraints and time windows},
  author={Bartusch, Martin and M{\"o}hring, Rolf H and Radermacher, Franz J},
  journal={Annals of operations Research},
  volume={16},
  number={1},
  pages={199--240},
  year={1988},
  publisher={Springer}
}


@article{markowitz1957solution,
  title={On the solution of discrete programming problems},
  author={Markowitz, Harry M and Manne, Alan S},
  journal={Econometrica: journal of the Econometric Society},
  pages={84--110},
  year={1957},
  publisher={JSTOR}
}












@book{ abelson-et-al:scheme,
  author = "Harold Abelson and Gerald~Jay Sussman and Julie Sussman",
  title = "Structure and Interpretation of Computer Programs",
  publisher = "MIT Press",
  address = "Cambridge, Massachusetts",
  year = "1985"
}

@inproceedings{ bgf:Lixto,
  author = "Robert Baumgartner and Georg Gottlob and Sergio Flesca",
  title = "Visual Information Extraction with {Lixto}",
  booktitle = "Proceedings of the 27th International Conference on Very Large Databases",
  pages = "119--128",
  publisher = "Morgan Kaufmann",
  address = "Rome, Italy",
  month = "September",
  year = "2001"
}

@article{ brachman-schmolze:kl-one,
  author = "Ronald~J. Brachman and James~G. Schmolze",
  title = "An overview of the {KL-ONE} knowledge representation system",
  journal = "Cognitive Science",
  volume = "9",
  number = "2",
  pages = "171--216",
  month = "April--June",
  year = "1985"
}

@article{ gottlob:nonmon,
  author = "Georg Gottlob",
  title = "Complexity results for nonmonotonic logics",
  journal = "Journal of Logic and Computation",
  volume = "2",
  number = "3",
  pages = "397--425",
  month = "June",
  year = "1992"
}

@article{ gls:hypertrees,
  author = "Georg Gottlob and Nicola Leone and Francesco Scarcello",
  title = "Hypertree Decompositions and Tractable Queries",
  journal = "Journal of Computer and System Sciences",
  volume = "64",
  number = "3",
  pages = "579--627",
  month = "May",
  year = "2002"
}

@article{ levesque:functional-foundations,
  author = "Hector~J. Levesque",
  title = "Foundations of a functional approach to knowledge representation",
  journal = "Artificial Intelligence",
  volume = "23",
  number = "2",
  pages = "155--212",
  month = "July",
  year = "1984"
}

@inproceedings{ levesque:belief,
  author = "Hector~J. Levesque",
  title = "A logic of implicit and explicit belief",
  booktitle = "Proceedings of the Fourth National Conference on Artificial Intelligence",
  publisher = "American Association for Artificial Intelligence",
  pages = "198--202",
  address = "Austin, Texas",
  month = "August",
  year = "1984"
}

@article{ nebel:jair-2000,
  author = "Bernhard Nebel",
  title = "On the compilability and expressive power of propositional planning formalisms",
  journal = "Journal of Artificial Intelligence Research",
  volume = "12",
  pages = "271--315",
  year = "2000"
}
