@inproceedings{Fang2014,
  title = {Chance-constrained Probabilistic Simple Temporal Problems},
  author = {Fang, Cheng and Yu, Peng and Williams, Brian C.},
  booktitle = {AAA-14},
  year = {2014},
  keywords = {Chance-constrained, pSTN, Robust scheduling, pSTP}
}
